<collection xmlns="http://www.loc.gov/MARC21/slim"><record><leader>00648nam  2200205   450</leader><controlfield tag="001">129</controlfield><controlfield tag="003">http://montalegre.opacnet.com/OPAC/default.aspx?ContentAreaControl=ShowRegHoldings.ascx&amp;RegNo=16662</controlfield><controlfield tag="005">20</controlfield><datafield tag="010" ind1=" " ind2=" "><subfield code="a">84-408-0047-9</subfield></datafield><datafield tag="035" ind1=" " ind2=" "><subfield code="c">MPEN002_c/11-11-2004/2053</subfield></datafield><datafield tag="100" ind1=" " ind2=" "><subfield code="a">20061013d1995    k  y0pory010305  ba</subfield></datafield><datafield tag="101" ind1="1" ind2=" "><subfield code="a">por</subfield><subfield code="c">eng</subfield></datafield><datafield tag="102" ind1=" " ind2=" "><subfield code="a">PT</subfield></datafield><datafield tag="200" ind1="1" ind2=" "><subfield code="a">&lt;O &gt;monte dos vendavais</subfield><subfield code="f">Emily Bronté</subfield><subfield code="g">tradução de José Couto Nogueira</subfield></datafield><datafield tag="210" ind1=" " ind2=" "><subfield code="a">Amadora</subfield><subfield code="c">Ediclube</subfield><subfield code="d">1995</subfield></datafield><datafield tag="215" ind1=" " ind2=" "><subfield code="a">351 p.</subfield><subfield code="d">19 cm</subfield></datafield><datafield tag="225" ind1="2" ind2=" "><subfield code="a">Grandes Génios da Literatura Universal</subfield></datafield><datafield tag="675" ind1=" " ind2=" "><subfield code="a">821</subfield></datafield><datafield tag="700" ind1=" " ind2="1"><subfield code="a">Brontë</subfield><subfield code="b">Emily</subfield><subfield code="f">1818-1848</subfield></datafield><datafield tag="801" ind1=" " ind2="0"><subfield code="a">PT</subfield><subfield code="b">Biblioteca Municipal de Montalegre</subfield><subfield code="g">RPC</subfield></datafield><datafield tag="909" ind1="&#9;" ind2=" "><subfield code="a">1</subfield></datafield><datafield tag="966" ind1=" " ind2=" "><subfield code="a">0008962</subfield><subfield code="l">BMM</subfield><subfield code="s">SCG 821 BRO mon</subfield></datafield></record></collection>